<?xml version="1.0" encoding="UTF-8"?><collection xmlns="http://www.loc.gov/MARC21/slim"><record><leader>00467nam--2200133-i-4500</leader><controlfield tag="001">000000340</controlfield><controlfield tag="002">20161230</controlfield><controlfield tag="005">20161230201024</controlfield><controlfield tag="008">060222s1000------------r-----000-0-eng-d</controlfield><datafield ind1=" " ind2=" " tag="080"><subfield code="a">621.18</subfield></datafield><datafield ind1=" " ind2=" " tag="100"><subfield code="a">Gheltman, A.E. /S.A.</subfield></datafield><datafield ind1=" " ind2=" " tag="245"><subfield code="a">Cazane cu abur si anexe redactat sub ingrijirea lui subenco, l.a. laureat al premiului stalin.traducere din limba rusa. numai pentru documentare si uz intern</subfield></datafield><datafield ind1=" " ind2=" " tag="260"><subfield code="a">Bucuresti, Editura Energetica De Stat.  108 P</subfield></datafield><datafield ind1=" " ind2=" " tag="852"><subfield code="a">26039</subfield></datafield></record></collection>